@misc{anal_per,
 author = {Martin Horvat},
 title = {Matematično nihalo},
 year = {2004},
 language = {Slovene},
 URL = {https://ucilnica.fmf.uni-lj.si/pluginfile.php/62334/course/section/6938/mat_nihalo.pdf},
 note = {[Last accessed: 24.11.2020]}
} 

@article{anal_sol,
 DOI = {10.1088/0143-0807/32/2/019},
 URL = {https://ucilnica.fmf.uni-lj.si/pluginfile.php/62334/course/section/6938/analiticna_resitev_mat_nihalo.pdf},
 author = {Karlheinz Ochs},
 journal = {European Journal on Physics},
 pages = {479--490},
 publisher = {IOP Publishing},
 title = {A comprehensive analytical solution of the nonlinear pendulum},
 volume = {32},
 year = {2011}
}

@misc{symp,
 author = {Peter Young},
 title = {The leapfrog method and other “symplectic” algorithms for integrating Newton’s laws of motion},
 year = {2013},
 URL = {https://ucilnica.fmf.uni-lj.si/pluginfile.php/62334/course/section/6938/leapfrog.pdf},
 note = {[Last accessed: 24.11.2020]}
}

@misc{me,
 author = {Aleksandar Ivanov},
 title = {Numerical Solutions of First Order Differential Equations},
 year = {2020}
}
