@book{zagar,
 author = {Emil Žagar},
 title = {Linearni problem najmanjših kvadratov},
 language = {slovene},
 year = {2019},
}

@inbook{djg,
author="David J. Griffiths",
title="The Harmonic Oscillator",
bookTitle="Introduction to Quantum Mechanics",
year="1995",
publisher="Pearson Education",
pages="40--50",
isbn="0-13-191175-9",
}

@MISC{eigh,
    TITLE = {\texttt{numpy.linalg.eigh}},
    AUTHOR = {The SciPy community},
    NOTE = {[Last accessed: 28.10.2020]},
    URL = {https://numpy.org/doc/stable/reference/generated/numpy.linalg.eigh.html}
}
