@inproceedings{alassar,
author = {Alassar, Rajai},
year = {2011},
month = {05},
pages = {1 - 2},
title = {Hagen-Poiseuille flow in tubes of semi-circular cross-sections},
journal = {2011 4th International Conference on Modeling, Simulation and Applied Optimization, ICMSAO 2011},
doi = {10.1109/ICMSAO.2011.5775524}
}

@article{ELSAMNI20191,
title = "Developing laminar flow in curved semi-circular ducts",
journal = "Alexandria Engineering Journal",
volume = "58",
number = "1",
pages = "1 - 8",
year = "2019",
issn = "1110-0168",
doi = "https://doi.org/10.1016/j.aej.2018.03.013",
url = "http://www.sciencedirect.com/science/article/pii/S1110016819300055",
author = "O.A. Elsamni and A.A. Abbasy and O.A. El-Masry",
keywords = "Curved, Toroidal, Friction factor, Semi-circular duct, Laminar, Dean",
}

@misc{ucilnica,
 author = {Borut Paul Kerševan},
 title = {Reševanje PDE z metodo Galerkina},
 language = {Slovene},
 URL = {https://ucilnica.fmf.uni-lj.si/pluginfile.php/92621/mod_resource/content/3/11-naloga-PDE-Poisson-Galerkin.pdf},
 note = {[Last accessed: 03.01.2021]}
}
