@misc{nlnn,
 author = {Bevan Baas},
 title = {DFT (Discrete Fourier Transform) and FFT (Fast Fourier Transform)},
 year = {2020},
 journal = {EEC 281 - VLSI Digital Signal Processing},
 URL = {https://www.ece.ucdavis.edu/~bbaas/281/notes/Handout.fft1.pdf},
 note = {[Last accessed: 04.11.2020]}
}

@inbook{magajna,
author="Magajna, Bojan",
title="Fourierove vrste in Fourierova transformacija",
bookTitle="Uvod v diferencialne enaƒçbe, kompleksno in
Fourierovo analizo",
language="Slovene",
year="2010",
pages="157--209",
}

@misc{leakage,
 author = {DSP Illustrations},
 title = {Spectral Leakage and Zero-Padding of the Discrete Fourier Transform},
 year = {2019},
 URL = {https://dspillustrations.com/pages/posts/misc/spectral-leakage-zero-padding-and-frequency-resolution.html},
 note = {[Last accessed: 04.11.2020]}
}

@misc{aliasing,
 author = {Stephen Roberts},
 title = {Lecture 7 - The Discrete Fourier Transform},
 journal = {Signal Processing},
 URL = {http://www.robots.ox.ac.uk/~sjrob/Teaching/SP/l7.pdf},
 note = {[Last accessed: 04.11.2020]}
}
