@misc{errors,
 author = {Brian D. Storey},
 title = {Numerical Methods for Differential
Equations},
 year = {2003},
 URL = {http://faculty.olin.edu/bstorey/Notes/DiffEq.pdf},
 note = {[Last accessed: 18.11.2020]}
}

@misc{rk_stab,
 author = {Jason Frank},
 title = {Stability of Runge-Kutta Methods},
 year = {2008},
 journal = {WI305106 - Numerical Modelling of Dynamical Systems},
 URL = {https://webspace.science.uu.nl/~frank011/Classes/numwisk/ch10},
 note = {[Last accessed: 18.11.2020]}
}

@article{10.2307/2004101,
 ISSN = {00255718, 10886842},
 URL = {http://www.jstor.org/stable/2004101},
 author = {Robert R. Brown and James D. Riley and Morris M. Bennett},
 journal = {Mathematics of Computation},
 number = {89},
 pages = {90--96},
 publisher = {American Mathematical Society},
 title = {Stability Properties of Adams-Moulton Type Methods},
 volume = {19},
 year = {1965}
}
