@book{sampling,
 author = {Matt Pharr, Wenzel Jakob, and Greg Humphreys},
 title = {Physically Based Rendering: From Theory To Implementation},
 year = {2004},
 URL = {http://www.pbr-book.org/3ed-2018/Monte_Carlo_Integration/Sampling_Random_Variables.html},
 note = {[Last accessed: 20.10.2020]}
}

@inbook{wvsl,
author="Shlesinger, Michael F.
and Klafter, Joseph",
title="L{\'e}vy Walks Versus L{\'e}vy Flights",
bookTitle="On Growth and Form: Fractal and Non-Fractal Patterns in Physics",
year="1986",
publisher="Springer Netherlands",
pages="279--283",
isbn="978-94-009-5165-5",
doi="10.1007/978-94-009-5165-5_29",
url="https://doi.org/10.1007/978-94-009-5165-5_29"
}

@inbook{mad,
author="Simon Å irca",
title="Outliers and Robust Measures of Mean and Variance",
bookTitle="Probability for Physicists",
year="2016",
publisher="Springer Switzerland",
pages="192--194",
isbn="978-3-319-31609-3",
doi="10.1007/978-3-319-31611-6"
}

@MISC{mad_err,
    TITLE = {MAD equivalent for standard error},
    AUTHOR = {Henry},
    HOWPUBLISHED = {Cross Validated},
    NOTE = {URL:https://stats.stackexchange.com/q/30015 (version: 2012-06-08)},
    URL = {https://stats.stackexchange.com/q/30015}
}
