@misc{me_walks,
 author = {Aleksandar Ivanov},
 title = {Random Walks},
 year = {2020}
}

@misc{me2,
 author = {Aleksandar Ivanov},
 title = {Numerical Solutions of First Order Differential Equations},
 year = {2020}
}

@misc{1,
 author = {Matthew J. Hancock},
 title = {The 1-D Heat Equation},
 year = {2006},
 journal = {18.303 Linear Partial Differential Equations},
 URL = {https://ocw.mit.edu/courses/mathematics/18-303-linear-partial-differential-equations-fall-2006/lecture-notes/heateqni.pdf},
 note = {[Last accessed: 09.12.2020]}
}

@misc{2,
 author = {Joan Goh, Ahmad Abd. Majid, and Ahmad Izani Md. Ismail},
 title = {Cubic B-Spline Collocation Method for
One-Dimensional Heat and Advection-Diffusion
Equations},
 year = {2012},
 journal = {Journal of Applied Mathematics},
 URL = {https://www.hindawi.com/journals/jam/2012/458701/},
 note = {[Last accessed: 09.12.2020]}
}
