@misc{formulas,
 author = {NIST - National Insitute for Standard and Technology},
 title = {Asymptotic Expansions for Airy Functions},
 year = {2020},
 journal = {DLMF - Digital Library of Mathematical Functions},
 URL = {https://dlmf.nist.gov/9.7},
 note = {[Last accessed: 13.10.2020]}
}

@misc{docs,
 author = {Fredrik Johansson},
 title = {mpmath Documentation},
 year = {2018},
 URL = {http://mpmath.org/doc/1.1.0/},
 note = {[Last accessed: 13.10.2020]}
}
