@misc{BVP_gen,
 author = {Sivaji Ganesh Sista},
 title = {Boundary Value Problems},
 language = {English},
 URL = {https://hi-static.z-dn.net/files/dea/70bed4dece48fa7b3996d71b616e10b9.pdf},
 note = {[Last accessed: 03.12.2020]}
}

@misc{fin,
 author = {Vern Lindberg},
 title = {Finite Square Well},
 language = {English},
 URL = {http://ursula.chem.yale.edu/~batista/classes/vvv/FiniteSquareWell.pdf},
 note = {[Last accessed: 03.12.2020]}
}
