@misc{1,
 author = {C. Sert},
 title = {von Neumann Stability Analysis},
 language = {English},
 URL = {http://courses.me.metu.edu.tr/courses/me705/files/ME%20705%20Spring%202020%20Handout%201.pdf},
 note = {[Last accessed: 16.12.2020]}
}

@article{Dijk2007AccurateNS,
  title={Accurate numerical solutions of the time-dependent Schr{\"o}dinger equation.},
  author={W. van Dijk and F. Toyama},
  journal={Physical review. E, Statistical, nonlinear, and soft matter physics},
  year={2007},
  volume={75 3 Pt 2},
  pages={
          036707
        }
}
