@misc{nlnn,
 author = {Bevan Baas},
 title = {DFT (Discrete Fourier Transform) and FFT (Fast Fourier Transform)},
 year = {2020},
 journal = {EEC 281 - VLSI Digital Signal Processing},
 URL = {https://www.ece.ucdavis.edu/~bbaas/281/notes/Handout.fft1.pdf},
 note = {[Last accessed: 10.11.2020]}
}
 
@misc{zpad,
 author = {DSP Illustrations},
 title = {Spectral Leakage and Zero-Padding of the Discrete Fourier Transform},
 year = {2019},
 URL = {https://dspillustrations.com/pages/posts/misc/spectral-leakage-zero-padding-and-frequency-resolution.html},
 note = {[Last accessed: 10.11.2020]}
}

@misc{npcor,
 author = {The SciPy community},
 title = {numpy.correlate},
 year = {2008-2020},
 URL = {https://numpy.org/doc/stable/reference/generated/numpy.correlate.html},
 note = {[Last accessed: 10.11.2020]}
}

@article{Cooley1965AnAF,
  title={An algorithm for the machine calculation of complex Fourier series},
  author={J. Cooley and John W. Tukey},
  journal={Mathematics of Computation},
  year={1965},
  volume={19},
  pages={297-301}
}
